@article{Matott2011,
 title = "Application of MATLAB and Python optimizers to two case studies involving groundwater flow and contaminant transport modeling",
 journal = "Computers \& Geosciences",
 volume = "In Press, Corrected Proof",
 number = "",
 pages = " - ",
 year = "2011",
 doi = "DOI: 10.1016/j.cageo.2011.03.017",
 url = "http://www.sciencedirect.com/science/article/pii/S0098300411001312",
 author = "L. Shawn Matott and Kenny Leung and Junyoung Sim",
}

@Misc{bluebird,
	author = "James Craig",
	title = "Bluebird Developer Manual",
	year = "2002",
	note = "Available at \url{http://www.groundwater.buffalo.edu/software/VBB/VBBMain_old.htm}."
}