@BOOK{boxBook,
    Address	= {New York, NY}
    Author	= {Box, George E. P. and Luce\~{n}o, Alberto and Paniagua-Qui\~{n}ones, Mar\'{i}a Del Carmen },
    Publisher	= {Wiley},
    Title	= {Statistical Control by Monitoring and Adjustment}
    Year	= {1997}
}
