
@article{schnute_analytical_1998,
	title = {Analytical models for fishery reference points},
	volume = {55},
	issn = {0706-652X},
	url = {https://www.nrcresearchpress.com/doi/abs/10.1139/f97-212},
	doi = {10.1139/f97-212},
	abstract = {Fishery reference points are widely applied in formulating harvest management policies. We supply precise mathematical definitions for several reference points in common use. We then derive analyti..., Certains paramètres de référence sont couramment employés pour la formulation des politiques d'exploitation des pêches. Nous donnons une définition mathématique précise de divers paramètres de réfé...},
	number = {2},
	urldate = {2020-01-14},
	journal = {Canadian Journal of Fisheries and Aquatic Sciences},
	author = {Schnute, Jon T and Richards, Laura J},
	month = feb,
	year = {1998},
	pages = {515--528},
	file = {NRC Research Press PDF fulltext:/home/nick/Zotero/storage/S27GLTH9/Schnute and Richards - 1998 - Analytical models for fishery reference points.pdf:application/pdf;NRC Research Press Snapshot:/home/nick/Zotero/storage/BVA6UQ98/f97-212.html:text/html},
}

@article{schnute_general_1985,
	title = {A {General} {Theory} for {Analysis} of {Catch} and {Effort} {Data}},
	volume = {42},
	issn = {0706-652X},
	url = {https://www.nrcresearchpress.com/doi/abs/10.1139/f85-057},
	doi = {10.1139/f85-057},
	abstract = {This paper presents a general theory for analysis of catch and effort data from a fishery. Almost all previous methods are shown to be special cases, including those of Schaefer, Pella and Tomlinso..., Le présent article porte sur une théorie générale pour l'analyse des données sur les prises et l'effort. L'auteur démontre que presque toutes les anciennes méthodes sont des cas spéciaux, y compris...},
	number = {3},
	urldate = {2020-05-13},
	journal = {Canadian Journal of Fisheries and Aquatic Sciences},
	author = {Schnute, Jon},
	month = mar,
	year = {1985},
	pages = {414--429},
	file = {NRC Research Press PDF fulltext:/home/nick/Zotero/storage/WV8NRUF6/Schnute - 1985 - A General Theory for Analysis of Catch and Effort .pdf:application/pdf;NRC Research Press Snapshot:/home/nick/Zotero/storage/4NQ4U3FN/f85-057.html:text/html},
}

@article{schnute_designing_2003,
	title = {Designing fishery models: a personal adventure},
	volume = {16},
	shorttitle = {Designing fishery models},
	number = {4},
	journal = {Natural Resource Modeling},
	author = {SCHNUTE, JON T.},
	year = {2003},
	note = {Publisher: Wiley Online Library},
	pages = {393--413},
	file = {SCHNUTE - 2003 - Designing fishery models a personal adventure.pdf:/home/nick/Zotero/storage/PVBYLMCG/SCHNUTE - 2003 - Designing fishery models a personal adventure.pdf:application/pdf;Snapshot:/home/nick/Zotero/storage/VUHDK67B/j.1939-7445.2003.tb00120.html:text/html},
}

@article{walters_continuous_2020,
	title = {The continuous time {Schnute}-{Deriso} delay-difference model for age-structured population dynamics, with example application to the {Peru} anchoveta stock},
	author = {Walters, Carl J.},
	year = {2020},
	file = {Continuous time Schnute Deriso model.doc:/home/nick/Zotero/storage/HYYTHCA4/Continuous time Schnute Deriso model.doc:application/msword;Full Text:/home/nick/Zotero/storage/6W2RJY3Z/Walters - 2020 - The continuous time Schnute-Deriso delay-differenc.pdf:application/pdf},
}

@article{hilborn_quantitative_1992,
	title = {Quantitative {Fisheries}, {Stock} {Assessment}: {Choice} {Dynamics}, and {Uncertainty} {Chapman} and {Hall}},
	shorttitle = {Quantitative {Fisheries}, {Stock} {Assessment}},
	journal = {New York},
	author = {Hilborn, R. and Walters, C. J.},
	year = {1992},
	file = {delayDifferenceNotes.pdf:/home/nick/Zotero/storage/3GNB3PQS/delayDifferenceNotes.pdf:application/pdf;Hilborn and Walters - 1992 - Quantitative Fisheries, Stock Assessment Choice D.pdf:/home/nick/Zotero/storage/DX3KZZAW/Hilborn and Walters - 1992 - Quantitative Fisheries, Stock Assessment Choice D.pdf:application/pdf},
}

@article{von_bertalanffy_quantitative_1938,
	title = {A quantitative theory of organic growth (inquiries on growth laws. {II})},
	volume = {10},
	number = {2},
	journal = {Human biology},
	author = {Von Bertalanffy, Ludwig},
	year = {1938},
	note = {Publisher: JSTOR},
	pages = {181--213},
	file = {Full Text:/home/nick/Zotero/storage/6P5NISDQ/Von Bertalanffy - 1938 - A quantitative theory of organic growth (inquiries.pdf:application/pdf;Snapshot:/home/nick/Zotero/storage/XDBRLZMU/41447359.html:text/html},
}

@techreport{walters_continuous_2020-1,
	title = {The continuous time {Schnute}-{Deriso} delaydifference model for age-structured population dynamics, with example application to the {Peru} anchoveta stock},
	institution = {Institute for the Oceans and Fisheries, University of British Columbia},
	author = {Walters, Carl J.},
	year = {2020},
	file = {Full Text:/home/nick/Zotero/storage/885HQPC5/Walters - 2020 - The continuous time Schnute-Deriso delaydifference.pdf:application/pdf},
}

@book{wanner_solving_1996,
	title = {Solving ordinary differential equations {II}},
	volume = {375},
	publisher = {Springer Berlin Heidelberg},
	author = {Wanner, Gerhard and Hairer, Ernst},
	year = {1996},
	file = {Full Text:/home/nick/Zotero/storage/IYSPRQR5/Wanner and Hairer - 1996 - Solving ordinary differential equations II.pdf:application/pdf},
}

@article{fournier_length-based_1987,
	title = {A length-based stock assessment method utilizing a generalized delay-difference model},
	volume = {44},
	number = {2},
	journal = {Canadian Journal of Fisheries and Aquatic Sciences},
	author = {Fournier, David A. and Doonan, Ian J.},
	year = {1987},
	note = {Publisher: NRC Research Press Ottawa, Canada},
	pages = {422--437},
	file = {Full Text:/home/nick/Zotero/storage/BJSB5BPF/Fournier and Doonan - 1987 - A length-based stock assessment method utilizing a.pdf:application/pdf;Snapshot:/home/nick/Zotero/storage/ZIXRNG9T/f87-051.html:text/html},
}

@article{schnute_general_1987,
	title = {A general fishery model for a size-structured fish population},
	volume = {44},
	number = {5},
	journal = {Canadian Journal of Fisheries and Aquatic Sciences},
	author = {Schnute, Jon},
	year = {1987},
	note = {Publisher: NRC Research Press Ottawa, Canada},
	pages = {924--940},
	file = {Full Text:/home/nick/Zotero/storage/IFI7T483/Schnute - 1987 - A general fishery model for a size-structured fish.pdf:application/pdf;Snapshot:/home/nick/Zotero/storage/XSTR7A6C/f87-111.html:text/html},
}
