@ARTICLE{jones:schonlau:welch:1998,
    Author         = {Jones, D.R. and M. Schonlau and W. J. Welch},
    Journal        = {Journal of Global Optimization},
    Pages          = {455--492},
    Title          = {Efficient Global Optimization of Expensive Black Box Functions},
    Volume         = {13},
    Year           = {1998}
}

@BOOK{sant:will:notz:2003,
    Address        = {New York, NY},
    Author         = {Santner, Thomas J. and Williams, Brian J. and Notz, William I.},
    Publisher      = {Springer-Verlag},
    Title          = {The Design and Analysis of Computer Experiments},
    Year           = {2003}
}

@ARTICLE{sack:welc:mitc:wynn:1989,
    Author         = {Sacks, Jerome and Welch, William J. and Mitchell, Toby J. and Wynn, Henry P.},
    Journal        = {Statistical Science},
    Pages          = {409--435},
    Title          = {Design and Analysis of Computer Experiments},
    Volume         = {4},
    Year           = {1989}
}

@Article{gra:lee:2008,
      Author = {Robert B. Gramacy and Herbert K. H. Lee},
      Title = {Bayesian treed {G}aussian process models with an application to computer modeling},
      Year = 2008,
      journal = {Journal of the American Statistical Association},
      volume = 103,
        Pages = {1119--1130},
      url={http://arxiv.org/abs/0710.4536}
      }

@TechReport{abraham:1997,
  author =   {Petter Abrahamsen},
  title =    {A Review of {G}aussian Random Fields and Correlation Functions},
  institution =  {Norwegian Computing Center, Box 114 Blindern, N-0314 Oslo, Norway},
  year =     1997,
  number =   917
}

@TechReport{gramacy:polson:2010,
  author =   {R.B. Gramacy and N.G. Polson},
  title =    {Particle learning of Gaussian process models for sequential design and optimization},
  institution =  {University of Cambridge},
  year =     2010,
  number =   {arXiv:0909.5262}
}

@TechReport{tad:gra:pols:2010,
  author =   {M.A. Taddy and R.B. Gramacy and N.G. Polson},
  title =    {Dynamic trees for learning and design},
  institution =  {University of Chicago},
  year =     2010,
  number =   {arXiv:0912.1636}
}

@Article{gra:lee:2009,
     Author = {Robert B. Gramacy and Herbert K H. Lee},
     Journal = {Technometrics},
     Month = {May},
     Number = 2,
     Title = {Adaptive Design and Analysis of Supercomputer Experiment},
     Year = 2009,
     Volume = {51},
     Pages = {130-145}
}

@Article{tadd:lee:gray:grif:2009,
  author = 	 {Matthew Taddy and Herbert K. H. Lee and Genetha A. Gray and Joshua D. Griffin},
  title = 	 {Bayesian Guided Pattern Search for Robust Local Optimization},
  journal = 	 {Technometrics},
  year = 	 2009,
  Volume = 51,
  Pages = {389--401}
}


@article{gramacy:taddy:2010,
  author =	"Robert B. Gramacy and Matthew Alan Taddy",
  title =	"Categorical Inputs, Sensitivity Analysis, Optimization and Importance Tempering with {\tt tgp} Version 2, an {\sf R} Package for Treed Gaussian Process Models",
  journal =	"Journal of Statistical Software",
  volume =	"33",
  number =	"6",
  pages =	"1--48",
  day =  	"23",
  month =	"02",
  year = 	"2010",
  CODEN =	"JSSOBK",
  ISSN = 	"1548-7660",
  bibdate =	"2009-12-23",
  URL =  	"http://www.jstatsoft.org/v33/i06",
  accepted =	"2009-12-23",
  acknowledgement = "",
  keywords =	"",
  submitted =	"2009-01-17",
}


@PhdThesis{gramacy:2005,
  author =   {Robert B. Gramacy},
  title =    {Bayesian Treed Gaussian Process Models},
  school =   {University of California, Santa Cruz},
  year =     2005
}

@ARTICLE{gray:kold:2006,
  author = {Genetha A. Gray and Tamara G. Kolda},
  title = {Algorithm 856: {APPSPACK} 4.0: Asynchronous Parallel Pattern Search
	for Derivative-Free Optimization},
  journal = {ACM Transactions on  Mathematical Software},
  year = 2006,
  volume = 32,
  pages = {485--507},
  number = 3,
  doi = {10.1145/1163641.1163647}
}

@ARTICLE{kold:2005,
  author = {Tamara G. Kolda},
  title = {Revisiting asynchronous parallel pattern search for nonlinear optimization},
  journal = {SIAM Journal of Optimization},
  year = 2005,
  volume = 16,
  pages = {563--586},
  number = 2,
  month = dec,
  doi = {10.1137/040603589}
}

@incollection{scho:welc:jone:1998,
author={M. Schonlau and Jones, D.R. and Welch, W.J.},
title = {Global versus local search in constrained optimization of computer models},
year={1998},
booktitle={New Developments and applications in experimental design},
pages={11--25},
series={IMS Lecture Notes - Monograph Series},
number={34},
publisher={Institute of Mathematical Statistics}
}

  @Manual{package:tgp,
    title = {{\tt tgp}: {B}ayesian treed Gaussian process models},
    author = {Robert B. Gramacy and Matt A. Taddy},
    year = 2008,
    note = {R package version 2.1-2},
    url = {http://www.ams.ucsc.edu/~rbgramacy/tgp.html},
  }

@Manual{cran:R,
     title        = {{\sf R}: A language and environment for
                     statistical computing},
     author       = {{{\sf R} Development Core Team}},
     organization = {R Foundation for Statistical Computing},
     address      = {Vienna, Aus.},
     year         = 2004,
     note         = {ISBN 3\--900051\--00\--3},
     url          = {http://www.R-project.org}
   }

@ARTICLE{verhoef:barry:1998,
    Author         = {Ver Hoef, J. and Barry, R. P.},
    Journal        = {Journal of Statistical Planning and Inference},
    Pages          = {275--294},
    Title          = {Constructing and Fitting Models for Cokriging and Multivariate Spatial Prediction},
    Volume         = {69},
    Year           = {1998}
}

@BOOK{barnett:1979,
    Author         = {Barnett, S.},
    Publisher      = {McGraw-Hill},
    Title          = {Matrix Methods for Engineers and Scientists},
    Year           = {1979}
}

@INPROCEEDINGS{seo00,
    Author         = {S. Seo and M. Wallat and T. Graepel and K. Obermayer},
    Booktitle      = {Proceedings of the International Joint Conference on Neural Networks},
    Month          = {July},
    Pages          = {241--246},
    Publisher      = {IEEE},
    Title          = {Gaussian Process Regression: Active Data Selection and Test Point Rejection},
    Volume         = {III},
    Year           = {2000}
}

@INPROCEEDINGS{cohn:1996,
    Author         = {D. A. Cohn},
    Booktitle      = {Advances in Neural Information Processing Systems},
    Pages          = {679--686},
    Publisher      = {Morgan Kaufmann Publishers},
    Title          = {Neural Network Exploration using Optimal Experimental Design},
    Volume         = {6(9)},
    Year           = {1996}
}

@Article{brei:2001,
  author = 	 {Breiman, L.},
  title = 	 {Random Forests},
  journal = 	 {Machine Learning},
  year = 	 2001,
  volume =	 45,
  pages =	 {5--32}
}

@Article{kennedy:ohagan:2000,
    Author         = {Kennedy, M. and O'Hagan, A.},
    Journal        = {Biometrika},
    Pages          = {1--13},
    Title          = {Predicting the Output from a Complex Computer Code when Fast Approximations are Available},
    Volume         = {87},
    Year           = {2000}
}

@Book{fang:li:sudj:2006,
  author =	 {Fang, Kai-Tai and Li, Runze and Sudjianto, Agus},
  title = 	 {Design and Modeling for Computer Experiments},
  publisher = 	 {Chapman \& Hall/CRC},
  year = 	 2006,
  address =	 {Boca Raton}
}

@Book{cres:1993,
  author =   {N. A. C. Cressie},
  title =    {Statistics for Spatial Data, revised edition},
  publisher =    {John Wiley \& Sons},
  year =     1993
}

@BOOK{stei:1999,
    Address        = {New York, NY},
    Author         = {Michael L. Stein},
    Publisher      = {Springer},
    Title          = {Interpolation of Spatial Data},
    Year           = {1999}
}

@article{gree:1995,
 author = {Green, P.J.},
 year = {1995},
 title = {Reversible Jump Markov Chain Monte Carlo Computation and Bayesian Model Determination},
 journal =  {Biometrika},
 volume = {82},
 pages =  {711--732}
}

@ARTICLE{chip:geor:mccu:2002,
    Author         = {Chipman, H.A. and George, E.I. and McCulloch, R.E.},
    Journal        = {Machine Learning},
    Pages          = {303--324},
    Title          = {Bayesian Treed Models},
    Volume         = {48},
    Year           = {2002}
}

@Article{liaw:wien:2002,
  title = {Classification and Regression by randomForest},
  author = {Andy Liaw and Matthew Wiener},
  journal = {R News},
  year = {2002},
  volume = {2},
  number = {3},
  pages = {18-22},
  url = {http://CRAN.R-project.org/doc/Rnews/},
}

@Book{brei:1984,
    Address        = {Belmont, CA},
    Author         = {Breiman, L. and Friedman, J. H. and Olshen, R. and Stone, C.},
    Publisher      = {Wadsworth},
    Title          = {Classification and Regression Trees},
    Year           = {1984}
}

@ARTICLE{mcka:cono:beck:1979,
    Author         = {McKay, M. D. and Conover, W. J. and Beckman, R. J.},
    Journal        = {Technometrics},
    Pages          = {239--245},
    Title          = {A Comparison of Three Methods for Selecting Values
                      of Input Variables in the Analysis of Output from a
                      Computer Code},
    Volume         = {21},
    Year           = {1979}
}

@Article{maye:kell:mill:2002,
  author = 	 {Mayer, A. S. and Kelley, C. T. and Miller, C. T.},
  title = 	 {Optimal design for problems involving flow and transport phenomena in saturated subsurface systems},
  journal = 	 {Advances in Water Resources},
  year = 	 2002,
  volume =	 25,
  pages =	 {1233--1256}
}

@InProceedings{fowl:kell:kees:mill:2004,
  author = 	 {Fowler, K. R. and Kelley, C. T. and Kees, C. E. and Miller, C. T.},
  title = 	 {A Hydraulic Capture Application for Optimal Remediation Design},
  booktitle =	 {Proceedings of the XV International conference on Computational Methods in Water Resources},
  year =	 2004,
  editor =	 {Miller, C. T. and Farthing, M. W. and Gray G. W. and Pinder, G. F.}
}

@Article{fowl:2008,
  author = 	 {Fowler, K. R. and Reese, J. P. and Kees, C. E. and {Dennis Jr.}, J. E. and Kelley, C. T. and Miller, C. T. and Audet, C. and Booker, A. J. and Couture, G. and Darwin, R. W. and Farthing, M. W. and Finkel, D. E. and Gablonsky, G. and Gray, G. and Kolda, T. G.},
  title = 	 {A Comparison of Derivative-free Optimization Methods for Water Supply and Hydraulic Capture Community Problems},
  journal = 	 {Advances in Water Resources},
  year = 	 2008,
  volume =	 31,
  number =	 5,
  pages =	 {743--757},
  month =	 {May}
}

@InProceedings{gray:fowl:grif:2009,
  author = 	 {Gray, G. A. and Fowler, K. R. and Griffin, J. D.},
  title = 	 {A Hybrid Optimization Scheme for Solving the Hydraulic Capture Problem with an Unknown Number of Wells},
  booktitle =	 {The First International Conference on Soft Computing Technology in Civil, Structural and Environmental Engineering},
  year =	 2009
}

@InProceedings{neal:1998,
  author =   {Radford M. Neal},
  title =    {Regression and classification using {G}aussian process priors (with discussion)},
  booktitle =    {Bayesian Statistics 6},
  pages =    {476--501},
  year =     1998,
  editor =   {J. M. Bernardo, et al.},
  publisher =    {Oxford University Press}
}

@TechReport{carvalho:etal:2008,
      Author = "C.M.~Carvalho and Johannes, M. and Lopes, H.F. and Polson, N.G",
       Title = "Particle Learning and Smoothing",
        Year = 2008,
 Institution = "Duke University Dept.~of Statistical Science",
        Type = "Discussion Paper",
      Number = "2008-32",
}

@Article{fink:kell:2009,
  author = 	 {Finkel, D. E. and Kelley, C. T.},
  title = 	 {Convergence Analysis of Sampling Methods for Perturbed Lipschitz Functions},
  journal = 	 {Pacific Journal of Optimization},
  year = 	 2009,
  volume =	 5,
  pages =	 {339--350}
}

@BOOK{gelm:carl:ster:rubi:1995,
    Address        = {London},
    Author         = {Gelman, Andrew and Carlin, John B. and Stern, Hal S. and Rubin, Donald B.},
    Publisher      = {Chapman and Hall},
    Title          = {{B}ayesian Data Analysis},
    Year           = {1995}
}

@article{HemkerMINP,
    Author = "T. Hemker and K. R. Fowler and M. W. Farthing and O. von Stryk",
    Title = "A Mixed-Integer Simulation-based Optimization Approach with Surrogate Functions in
    Water Resources Management",
    journal={Opt. Eng.},
    year= 2008,
    volume = 9,
    number = 4,
    pages= {341--360},
}

@TechReport{giro:2009,
  author = 	 {Girosi, Federico and Cordova, Amado and Eibner, Christine and Gresenz, Carole Roan and Keeler, Emmett and Ringel, Jeanne and Sullivan, Jeffrey and Bertko, John and Buntin, Melinda Beeuwkes and Vardavas, Raffaele},
  title = 	 {Overview of the COMPARE Microsimulation Model},
  institution =  {RAND},
  year = 	 2009,
  number =	 {WR-650}
}

@ARTICLE{kennedy:ohagan:2001,
    Author         = {Kennedy, M. and O'Hagan, A.},
    Journal        = {Journal of the Royal Statistical Society, Series B},
    Pages          = {425--464},
    Title          = {Bayesian Calibration of Computer Models (with discussion)},
    Volume         = {63},
    Year           = {2001}
}

@TechReport{lee:gra:link:gray:2010,
  author = 	 {Lee, H.K.H. and Gramacy, R.B. and Linkletter, C. and Gray, G.A.},
  title = 	 {Optimization Subject to Hidden Constraints via Statistical Emulation},
  institution =  {University of California, Santa Cruz},
  number =	 {UCSC-SOE-10-10},
  address =  {Department of Applied Mathematics and Statistics},
  year = 	 {2010}
}

@INPROCEEDINGS{ohagan99,
    Author         = {A. O'Hagan and  M. C. Kennedy and  J. E. Oakley},
    Booktitle      = {Bayesian Statistics 6},
    Editor         = {J. M. Bernardo and J. O. Berger and A.P. Dawid and A.F.M. Smith},
    Pages          = {503--524},
    Publisher      = {Oxford University Press},
    Title          = {Uncertainty Analysis and Other Inference Tools for Complex Computer Codes},
    Year           = {1999}
}

@Manual{plgp,
    title = {{\tt plgp}: Particle Learning of Gaussian Processes},
    author = {Robert B. Gramacy},
    year = {2010},
    note = {R package version 1.0},
    url = {http://CRAN.R-project.org/package=plgp},
  }

@Manual{R.base,
  title = {R: A Language and Environment for Statistical Computing},
  author = {{R Development Core Team}},
  organization = {R Foundation for Statistical Computing},
  address = {Vienna, Austria},
  year = {2010},
  note = {{ISBN} 3-900051-07-0},
  url = {http://www.R-project.org},
}

@article{Gramacy:2007,
  author =  "Robert B. Gramacy",
  title =   "{\tt tgp}: An {{\sf R}} Package for {B}ayesian Nonstationary, Semiparametric Nonlinear Regression and Design by Treed Gaussian Process Models",
  journal = "Journal of Statistical Software",
  volume =  "19",
  number =  "9",
    year =  "2007",
  CODEN =   "JSSOBK",
  ISSN =    "1548-7660",
  bibdate = "2007-06-13",
  URL =     "http://www.jstatsoft.org/v19/i09",
  accepted =    "2007-06-13",
  submitted =   "2006-07-12",
}

@Article{brod:gram:2010,
  author = 	 {Broderick, T. and Gramacy, R. B.},
  title = 	 {Classification and Categorical Inputs with Treed Gaussian Process Models},
  journal = 	 {Journal of Classification},
  year = 	 2010,
  note =	 {to appear}
}

@TechReport{brod:gram:2009,
  author = 	 {Broderick, T. and Gramacy, R. B.},
  title = 	 {Classification and Categorical Inputs with Treed Gaussian Process Models},
  institution =  {University of Cambridge},
  year = 	 2009,
  note =	 {arXiv:0904.4891}
}

@Article{gelman:etal:2008,
  author = 	 {A. Gelman and A. Jakulin and M.G. Pittau and Y.-S. Su},
  title = 	 {A Weakly Informative Default Prior Distribution for Logistic and Other Regression Models},
  journal = 	 {Annals of Applied Statistics},
  year = 	 2008,
  volume = 	 2,
  number = 	 4,
  pages = 	 {1360--1383}}


@INCOLLECTION{adams:murray:mackay:2009,
    AUTHOR = "Ryan Prescott Adams and Iain Murray and David J. C. MacKay",
    TITLE  = "The {G}aussian process density sampler",
    BOOKTITLE = "Advances in Neural Information Processing Systems 21
                (NIPS 2008)",
    EDITOR = "D. Koller and D. Schuurmans and Y. Bengio and L. Bottou",
    YEAR = "2009",
    PUBLISHER = "MIT Press"
}

@Article{lee:sans:zhou:higd:2008,
  author = 	 {Lee, Herbert and Sans\'o, Bruno and Zhou, Weining and Higdon, Dave},
  title = 	 {Inferrence for a Proton Accelerator Using Convolution Models},
  journal = 	 {Journal of the American Statistical Association},
  year = 	 2008,
  volume =	 103,
  number =	 482,
  pages =	 {604--613}
}

@Manual{genalg,
  title = {genalg: R Based Genetic Algorithm},
  author = {Egon Willighagen},
  year = {2005},
  note = {R package version 0.1.1},
}

@InCollection{gramacy:lee:2010,
  author =       {R.B. Gramacy and H.K.H. Lee},
  title =        {Optimization under unknown constraints},
  booktitle =    {Proceedings of the ninth Valencia International Meetings on Bayesian Statistics},
  publisher = {Oxford University Press},
  year =         2010,
  editor =       {J. Bernardo and S. Bayarri and J.O. Berger and A.P. Dawid and D. Heckerman and A.F.M. Smith and M. West},
  note =         {To appear}}

@InCollection{gramacy:lee:2011,
  author =       {R.B. Gramacy and H.K.H. Lee},
  title =        {Optimization under unknown constraints},
  booktitle =    {Proceedings of the ninth Valencia International Meetings on Bayesian Statistics},
  publisher = {Oxford University Press},
  year =         2011,
  editor =       {J. Bernardo and S. Bayarri and J.O. Berger and A.P. Dawid and D. Heckerman and A.F.M. Smith and M. West},
  pages = 	 {229--256}}

@BOOK{hastie:tibshirani:friedman:2001,
	Address	={New York, NY},
	Author	={Hastie, T. and Tibshirani, R. and Friedman, J.},
	Publisher	={Springer-Verlag},
	Title		={The Elements of Statistical Learning},
	Year		={2001}
}

@Article{wells:etal:2008,
  author = 	 {G.N. Wells and T. Hooijkaas and X. Shan},
  title = 	 {Modelling Temperature Effects on Multiphase Flow Through Porous Media},
  journal = 	 {Philos. Mag.},
  year = 	 2008,
  volume = 	 88,
  number = 	 {28--29},
  pages = 	 {3265--3279}}

@techreport{Le09b,
 Author      = {S. {Le~Digabel}},
 Title       = {Algorithm xxx: {NOMAD}:
               Nonlinear Optimization with the {MADS} algorithm},
 Institution = {Les cahiers du GERAD},
 Keywords    = {MADS},
 Number      = {G-2009-39},
 Url         = {http://www.optimization-online.org/DB_HTML/2009/07/2352.html},
 Year        = {2009},
 Note        = {To appear in {ACM} Transactions on Mathematical Software},
}

@Book{orrell:2010,
  author = 	 {David Orrell},
  title = 	 {Economyths: Ten Ways Economics Gets It Wrong},
  publisher = 	 {Wiley},
  year = 	 2010}

@TechReport{svenson:santner:2012,
  author =       {Svenson, J.D. and Santner, T.J.},
  title =        {Multiobjective Optimization of Expensive Black-Box Functions \
via Expected Maximin Improvement},
  institution =  {The Ohio State University},
  year =         2012}
